<record><leader>00000cas a22000007a 4500</leader><controlfield tag="001">9201562</controlfield><controlfield tag="007">hd afu---buca</controlfield><controlfield tag="008">830208d18241826mduwr nea     0   a0eng d</controlfield><datafield ind1=" " ind2=" " tag="010"><subfield code="a">sn 91025280 </subfield></datafield><datafield ind1=" " ind2=" " tag="040"><subfield code="a">GZQ</subfield><subfield code="b">eng</subfield><subfield code="c">GZQ</subfield><subfield code="d">HUL</subfield><subfield code="d">WAU</subfield><subfield code="d">MHN</subfield><subfield code="d">OCLCQ</subfield><subfield code="d">MBB</subfield><subfield code="d">OCLCF</subfield><subfield code="d">OCLCO</subfield><subfield code="d">OCLCQ</subfield><subfield code="d">NLC</subfield></datafield><datafield ind1=" " ind2=" " tag="012"><subfield code="i">9103</subfield></datafield><datafield ind1=" " ind2=" " tag="016"><subfield code="a">(AMICUS)000013883358</subfield></datafield><datafield ind1="1" ind2=" " tag="029"><subfield code="a">AU@</subfield><subfield code="b">000020667206</subfield></datafield><datafield ind1=" " ind2=" " tag="042"><subfield code="a">msc</subfield></datafield><datafield ind1=" " ind2=" " tag="043"><subfield code="a">n-us-md</subfield></datafield><datafield ind1=" " ind2="4" tag="050"><subfield code="a">F179</subfield><subfield code="b">.M35</subfield></datafield><datafield ind1="0" ind2="0" tag="245"><subfield code="a">Maryland gazette and state register.</subfield></datafield><datafield ind1=" " ind2=" " tag="260"><subfield code="a">Annapolis :</subfield><subfield code="b">Printed and published by Jonas Green,</subfield><subfield code="c">[1824-1826]</subfield></datafield><datafield ind1=" " ind2=" " tag="300"><subfield code="a">3 volumes</subfield></datafield><datafield ind1=" " ind2=" " tag="310"><subfield code="a">Weekly</subfield></datafield><datafield ind1=" " ind2=" " tag="336"><subfield code="a">text</subfield><subfield code="b">txt</subfield><subfield code="2">rdacontent</subfield></datafield><datafield ind1=" " ind2=" " tag="337"><subfield code="a">microform</subfield><subfield code="b">h</subfield><subfield code="2">rdamedia</subfield></datafield><datafield ind1=" " ind2=" " tag="338"><subfield code="a">microfilm reel</subfield><subfield code="b">hd</subfield><subfield code="2">rdacarrier</subfield></datafield><datafield ind1="0" ind2=" " tag="362"><subfield code="a">Vol. 79, no. 1 (Jan. 1, 1824)-v. 81, no. 52 (Dec. 28, 1826).</subfield></datafield><datafield ind1=" " ind2=" " tag="500"><subfield code="a">Title from caption.</subfield></datafield><datafield ind1=" " ind2=" " tag="500"><subfield code="a">Reproduced from the original in the Maryland State Library, Annapolis.</subfield></datafield><datafield ind1=" " ind2=" " tag="533"><subfield code="a">Microfilm.</subfield><subfield code="b">Wilmington, Del. :</subfield><subfield code="c">Scholarly Resources.</subfield><subfield code="e">1 microfilm reel ; 35 mm.</subfield></datafield><datafield ind1=" " ind2="0" tag="651"><subfield code="a">Annapolis (Md.)</subfield><subfield code="v">Newspapers.</subfield></datafield><datafield ind1=" " ind2="7" tag="651"><subfield code="a">Maryland</subfield><subfield code="z">Annapolis.</subfield><subfield code="2">fast</subfield><subfield code="0">(OCoLC)fst01206088</subfield></datafield><datafield ind1=" " ind2="7" tag="655"><subfield code="a">Newspapers.</subfield><subfield code="2">fast</subfield><subfield code="0">(OCoLC)fst01423814</subfield></datafield><datafield ind1=" " ind2=" " tag="752"><subfield code="a">United States</subfield><subfield code="b">Maryland</subfield><subfield code="c">Anne Arundel</subfield><subfield code="d">Annapolis.</subfield></datafield><datafield ind1="1" ind2=" " tag="776"><subfield code="c">Original</subfield><subfield code="w">(DLC)sn 83009671</subfield><subfield code="w">(OCoLC)9262396</subfield></datafield><datafield ind1="0" ind2="0" tag="780"><subfield code="t">Maryland gazette and political intelligencer</subfield><subfield code="w">(DLC)sn 91025283</subfield><subfield code="w">(OCoLC)9201588</subfield></datafield><datafield ind1="0" ind2="0" tag="785"><subfield code="t">Maryland gazett (Annapolis, Md. : 1827)</subfield><subfield code="w">(DLC)sn 91025285</subfield><subfield code="w">(OCoLC)22758821</subfield></datafield><datafield ind1=" " ind2=" " tag="850"><subfield code="a">MH</subfield><subfield code="a">WaU</subfield></datafield></record>